<?xml version="1.0" encoding="UTF-8"?><collection xmlns="http://www.loc.gov/MARC21/slim"><record><leader>00434nam--2200145-i-4500</leader><controlfield tag="001">000019466</controlfield><controlfield tag="002">20161230</controlfield><controlfield tag="005">20161230201033</controlfield><controlfield tag="008">060222s1000------------r-----000-0-eng-d</controlfield><datafield ind1=" " ind2=" " tag="080"><subfield code="a">612.039.531</subfield></datafield><datafield ind1=" " ind2=" " tag="100"><subfield code="a">Foell, Wesley K</subfield></datafield><datafield ind1=" " ind2=" " tag="245"><subfield code="a">Small sample reactivity measurements in nuclear science</subfield></datafield><datafield ind1=" " ind2=" " tag="260"><subfield code="a">Hinsdale, Illinois, American Nuclear Society, 1972. 249 P</subfield></datafield><datafield ind1=" " ind2=" " tag="490"><subfield code="a">Monographs Nuclear Science And Tehnology</subfield></datafield><datafield ind1=" " ind2=" " tag="852"><subfield code="a">38533</subfield></datafield></record></collection>